<record><leader>00000cas a2200000 a 4500</leader><controlfield tag="001">11358478</controlfield><controlfield tag="008">841107d18511854iluwr ne      0    0eng c</controlfield><datafield ind1=" " ind2=" " tag="010"><subfield code="a">sn 84038605 </subfield></datafield><datafield ind1=" " ind2=" " tag="040"><subfield code="a">NPX</subfield><subfield code="b">eng</subfield><subfield code="c">NPX</subfield><subfield code="d">NVF</subfield><subfield code="d">OCL</subfield><subfield code="d">NVF</subfield><subfield code="d">OCLCO</subfield></datafield><datafield ind1="1" ind2=" " tag="029"><subfield code="a">AU@</subfield><subfield code="b">000020232976</subfield></datafield><datafield ind1=" " ind2=" " tag="042"><subfield code="a">pcc</subfield></datafield><datafield ind1=" " ind2=" " tag="043"><subfield code="a">n-us-il</subfield></datafield><datafield ind1="0" ind2="4" tag="245"><subfield code="a">The Tazewell weekly mirror.</subfield></datafield><datafield ind1="1" ind2="6" tag="246"><subfield code="a">Tazewell mirror</subfield></datafield><datafield ind1=" " ind2=" " tag="260"><subfield code="a">Pekin, Ill. :</subfield><subfield code="b">Bernard Baily,</subfield><subfield code="c">1851-1854.</subfield></datafield><datafield ind1="2" ind2=" " tag="260"><subfield code="3">&lt;June 25, 1852&gt;-</subfield><subfield code="a">Pekin, Ill. :</subfield><subfield code="b">J. Smith &amp; A. Henderson</subfield></datafield><datafield ind1="3" ind2=" " tag="260"><subfield code="3">&lt;1853&gt;</subfield><subfield code="a">Pekin, Ill. :</subfield><subfield code="b">J. Smith</subfield></datafield><datafield ind1=" " ind2=" " tag="300"><subfield code="a">v.</subfield></datafield><datafield ind1=" " ind2=" " tag="310"><subfield code="a">Weekly</subfield></datafield><datafield ind1="1" ind2=" " tag="362"><subfield code="a">Began in 1851. Ceased in 1854?</subfield><subfield code="z">Cf. James, E. J. Bibl. of newspapers published in Ill. prior to 1860.</subfield></datafield><datafield ind1=" " ind2=" " tag="500"><subfield code="a">Recorded in reference source as: Tazewell mirror. Cf. Amer. newspapers, 1821-1936.</subfield></datafield><datafield ind1=" " ind2=" " tag="500"><subfield code="a">"Whig." Cf. Scott F. W. Newspapers and periodicals in Ill., 1814-1879.</subfield></datafield><datafield ind1=" " ind2=" " tag="580"><subfield code="a">Merged with: Illinois reveille, to form: Pekin weekly plaindealer.</subfield></datafield><datafield ind1=" " ind2=" " tag="588"><subfield code="a">Latest issue consulted: Mar. 31, 1854.</subfield></datafield><datafield ind1=" " ind2=" " tag="588"><subfield code="a">Description based on: Vol. 4, no. 7 (Aug. 29, 1851).</subfield></datafield><datafield ind1=" " ind2="0" tag="650"><subfield code="a">Whig Party (Tazewell County, Ill.)</subfield><subfield code="v">Newspapers.</subfield></datafield><datafield ind1=" " ind2="0" tag="651"><subfield code="a">Pekin (Ill.)</subfield><subfield code="v">Newspapers.</subfield></datafield><datafield ind1=" " ind2="0" tag="651"><subfield code="a">Tazewell County (Ill.)</subfield><subfield code="v">Newspapers.</subfield></datafield><datafield ind1=" " ind2=" " tag="752"><subfield code="a">United States</subfield><subfield code="b">Illinois</subfield><subfield code="c">Tazewell</subfield><subfield code="d">Pekin.</subfield></datafield><datafield ind1="0" ind2="0" tag="780"><subfield code="t">Tazewell mirror</subfield><subfield code="w">(DLC)sn 82014964</subfield><subfield code="w">(OCoLC)8807505</subfield></datafield><datafield ind1="1" ind2="7" tag="785"><subfield code="t">Illinois reveille</subfield><subfield code="w">(DLC)sn 84038356</subfield><subfield code="w">(OCoLC)11281626</subfield></datafield><datafield ind1="1" ind2="7" tag="785"><subfield code="t">Pekin weekly plaindealer</subfield><subfield code="w">(DLC)sn 82014965</subfield><subfield code="w">(OCoLC)8807514</subfield></datafield></record>